@article{knuth84,
  author = {Knuth, Donald E.},
  title = {Literate Programming},
  year = {1984},
  issue_date = {May 1984},
  publisher = {Oxford University Press, Inc.},
  address = {USA},
  volume = {27},
  number = {2},
  issn = {0010-4620},
  url = {https://doi.org/10.1093/comjnl/27.2.97},
  doi = {10.1093/comjnl/27.2.97},
  journal = {Comput. J.},
  month = may,
  pages = {97â€“111},
  numpages = {15}
}

@article{blount2008historical,
  title={Historical contingency and the evolution of a key innovation in an experimental population of Escherichia coli},
  author={Blount, Zachary D and Borland, Christina Z and Lenski, Richard E},
  journal={Proceedings of the National Academy of Sciences},
  volume={105},
  number={23},
  pages={7899--7906},
  year={2008},
  publisher={National Acad Sciences}
}
	
@misc{andrews2010fastqc,
  title={FastQC: a quality control tool for high throughput sequence data},
  author={Andrews, Simon and others},
  year={2010},
  publisher={Babraham Bioinformatics, Babraham Institute, Cambridge, United Kingdom}
}

@article{bolger2014trimmomatic,
  title={Trimmomatic: a flexible trimmer for Illumina sequence data},
  author={Bolger, Anthony M and Lohse, Marc and Usadel, Bjoern},
  journal={Bioinformatics},
  volume={30},
  number={15},
  pages={2114--2120},
  year={2014},
  publisher={Oxford University Press}
}

@article{martin2011cutadapt,
  title={Cutadapt removes adapter sequences from high-throughput sequencing reads},
  author={Martin, Marcel},
  journal={EMBnet. journal},
  volume={17},
  number={1},
  pages={10--12},
  year={2011}
}

@article{li2010fast,
  title={Fast and accurate long-read alignment with Burrows--Wheeler transform},
  author={Li, Heng and Durbin, Richard},
  journal={Bioinformatics},
  volume={26},
  number={5},
  pages={589--595},
  year={2010},
  publisher={Oxford Academic}
}

@article{li2009sequence,
  title={The sequence alignment/map format and SAMtools},
  author={Li, Heng and Handsaker, Bob and Wysoker, Alec and Fennell, Tim and Ruan, Jue and Homer, Nils and Marth, Gabor and Abecasis, Goncalo and Durbin, Richard},
  journal={Bioinformatics},
  volume={25},
  number={16},
  pages={2078--2079},
  year={2009},
  publisher={Oxford University Press}
}

@article{li2009sequence,
  title={The sequence alignment/map format and SAMtools},
  author={Li, Heng and Handsaker, Bob and Wysoker, Alec and Fennell, Tim and Ruan, Jue and Homer, Nils and Marth, Gabor and Abecasis, Goncalo and Durbin, Richard},
  journal={Bioinformatics},
  volume={25},
  number={16},
  pages={2078--2079},
  year={2009},
  publisher={Oxford University Press}
}

